@BOOK{Gretzer,
	author = {Г. Гретцер},
	title = {Общая теория решеток},
	pages = {456},
	publisher = {Мир},
	year = {1982},
	address = {М.},
}

@BOOK{AlgGeom,
	author = {Э.Ю.Даниярова, А.Г.Мясников, В.Н.Ремесленников},
	title = {Алгебраическая геометрия над алгебраическими системами},
	pages = {243},
	publisher = {Издательство СО РАН},
	year = {2016},
	address = {Новосибирск},
}